%  a sample bibliography file
%


@article{roschelle,
author = "Jeremy Roschelle",
title = {Learning in interactive environments: Prior knowledge and new experience },
journal = {Washington, DC: American Association of Museums},
year = 1995,
},

@article{champagne,
author = " Audrey Champagne and Richard Gunstone and Klopfer, Leopold",
title = {Effecting changes in cognitive structures among physics students},
journal = {Orlando, FL: Academic Press},
year = 1985,
},


@article{touron,
author = "Javier Touron",
title = {La predicción del rendimiento académico: procedimientos, resultados e implicaciones},
journal = {Revista Española de Pedagogía},
year = 1985,
},

@article{garcia,
author = "Mora García, Raúl Tomás and Céspedes López, María Francisca and Pérez Sánchez, Juan Carlos and Pérez Sánchez, Raúl and García González, Encarnación",
title = {Factors involved in the academic performance of students of Technical Architecture degree from the University of Alicante},
journal = {International Association of Technology, Education and Development (IATED)},
year = 2015,
},

@article{angrist,
author = "Joshua D. Angrist and Jörn-Steffen Pischke",
title = {Mostly Harmless Econometrics},
editor = {Princeton University Press},
year = 2009,
},

@article{weber,
author = "Suzanne Weber",
title = {Vorwissen in der betriebswirschaftlichen Ausbildung: Eine Struktur und inhaltsanalytische Studie},
year = 1994,
},


@article{garcia2,
author = "Garcia-Jiménez, M.V. and Alvarado-Izquierdo, J.M. and Jiménez-Blanco, A.",
title = {La predicctión del rendimiento académico: regressión lineal versus regressión logistica},
journal = {Revista Española de Pedagogía},
year = 2000,
}
